@string{acis = {Adv. Colloid Interface Sci.}}
@string{ajp = {Am. J. Phys.}}
@string{ao = {Appl. Opt.}}
@string{apl = {Appl. Phys. Lett.}}
@string{ast = {Aerosol Sci. Tech.}}
@string{bj = {Biophys. J.}}
@string{cps = {Colloid Polymer Sci.}}
@string{csa = {Colloids Surfaces A}}
@string{fd = {Faraday Discuss.}}
@string{jacs = {J. Am. Chem. Soc.}}
@string{jap = {J. Appl. Phys.}}
@string{jcis = {J. Colloid Interface Sci.}}
@string{jcp = {J. Chem. Phys.}}
@string{josaa = {J. Opt. Soc. Am. A} }
@string{jps = {J. Pharm. Sci.}}
@string{jpcb = {J. Phys. Chem. B}}
@string{jpcs = {J. Phys. Chem. Solids}}
@string{jpharmsci = {J. Pharm. Sci.}}
@string{jqsrt = {J. Quant. Spectr. Rad. Trans.}}
@string{mst = {Meas. Sci. Technol.}}
@string{natcomm	= {Nature Commun.} }
@string{ox = {Opt. Express}}
@string{pnas = {Proc. Natl. Acad. Sci. U.S.A.}}
@string{pra = {Phys. Rev. A}}
@string{pre = {Phys. Rev. E}}
@string{prl = {Phys. Rev. Lett.}}
@string{rsi = {Rev. Sci. Instrum.}}

@Article{abbe1873,
  author =	 {Abbe, E.},
  title =	 {Beitr{\"a}ge zur Theorie des Mikroskops und der
                  mikroskopischen Wahrnehmung},
  journal =	 {Archiv Mikroskop. Anat.},
  year =	 1873,
  volume =	 9,
  number =	 1,
  pages =	 "413--418",
}

@Article{alexander81,
  author =	 {Alexander, Keith and Killey, Ainsley and Meeten,
                  Gerald and Senior, Malcolm},
  title =	 {Refractive index of concentrated colloidal
                  dispersions},
  journal =	 {J. Chem. Soc. Faraday Trans. 2},
  year =	 1981,
  volume =	 77,
  issue =	 2,
  pages =	 {361-372},
}

@article{antl1986preparation,
  title =	 {The preparation of poly (methyl methacrylate)
                  latices in non-aqueous media},
  author =	 {Antl, L and Goodwin, JW and Hill, RD and Ottewill,
                  Ronald H and Owens, SM and Papworth, S and Waters,
                  JA},
  journal =	 {Colloids Surf.},
  volume =	 17,
  number =	 1,
  pages =	 {67--78},
  year =	 1986,
}

@article{arshady92,
  author =	 {Arshady, R.},
  title =	 {Suspension, emulsion, and dispersion polymerization:
                  A methodological survey},
  journal =	 {Colloid Polym. Sci.},
  volume =	 270,
  pages =	 {717-732},
  year =	 1992
}

@article{backus1949small,
  title =	 {Small spherical particles of exceptionally uniform
                  size},
  author =	 {Backus, Robert C and Williams, Robley C},
  journal =	 jap,
  volume =	 20,
  number =	 2,
  pages =	 {224--225},
  year =	 1949,
}

@misc{bayer1909,
  author =	 {F. Hoffann and K. Delbr\"{u}ch},
  holder =	 {Farbenfabriken Bayer A.G. \& Co.},
  howpublished = {German Pat. 250 690},
  year =	 1909
}

@article{beylerian2002kinetics,
  title =	 {Kinetics and mechanism of potassium persulfate
                  decomposition in aqueous solutions studied by a
                  gasometric method},
  author =	 {Beylerian, Norair M and Vardanyan, Louisa R and
                  Harutyunyan, Romik S and Vardanyan, Razmik L},
  journal =	 {Macromol. Chem. Phys.},
  volume =	 203,
  number =	 1,
  pages =	 {212--218},
  year =	 2002,
}

@Book{bohren83,
  author =	 {Bohren, Craig F. and Huffman, Donald R.},
  title =	 {Absorption and Scattering of Light by Small
                  Particles},
  publisher =	 {Wiley Interscience},
  year =	 1983,
  address =	 {New York}
}

@article{borisov2015kinetic,
  title =	 {Kinetic features of ammonium persulfate
                  decomposition in aqueous medium},
  author =	 {Borisov, IM and Luksha, RS and Rashidova, ST},
  journal =	 {Russian Chem. Bull.},
  volume =	 64,
  number =	 10,
  pages =	 {2512--2513},
  year =	 2015,
}

@article{chapin06,
  author =	 {Stephen C. Chapin and Vincent Germain and Eric
                  R. Dufresne},
  journal =	 ox,
  number =	 26,
  pages =	 {13095--13100},
  title =	 {Automated trapping, assembly, and sorting with
                  holographic optical tweezers},
  volume =	 14,
  year =	 2006,
}

@article{cheong10a,
  Author =	 {Cheong, Fook Chiong and Krishnatreya, Bhaskar Jyoti
                  and Grier, David G.},
  Journal =	 ox,
  Pages =	 {13563-13573},
  Title =	 {Strategies for three-dimensional particle tracking
                  with holographic video microscopy},
  Volume =	 18,
  Year =	 2010,
}

@article{cheong11,
  Author =	 {Cheong, Fook Chiong and Xiao, Ke and Pine, David
                  J. and Grier, David G.},
  Journal =	 {Soft Matter},
  Pages =	 {6816-6819},
  Title =	 {Holographic characterization of individual colloidal
                  spheres' porosities},
  Volume =	 7,
  Year =	 2011,
}

@article{cheong17,
  author =	 {Cheong, Fook Chiong and Kasimbeg, Priya and Ruffner,
                  David B. and Hlaing, Ei Hnin and Blusewicz, Jaroslaw
                  M. and Philips, Laura A. and Grier, David G.},
  title =	 {Holographic characterization of colloidal particles
                  in turbid media},
  journal =	 apl,
  volume =	 111,
  number =	 15,
  pages =	 153702,
  year =	 2017,
}

@article{cheong2009flow,
  title =	 {Flow visualization and flow cytometry with
                  holographic video microscopy},
  author =	 {Cheong, Fook Chiong and Dreyfus, Bo Sun R{\'e}mi and
                  Amato-Grill, Jesse and Xiao, Ke and Dixon, Lisa and
                  Grier, David G},
  journal =	 ox,
  volume =	 17,
  number =	 15,
  pages =	 {13071--13079},
  year =	 2009,
  publisher =	 {Optical Society of America}
}

@article{chern06,
  author =	 {Chern, C.S.},
  title =	 {Emulsion polymerization mechanisms and kinetics},
  journal =	 {Prog. Polym. Sci.},
  volume =	 31,
  pages =	 {443-486},
  year =	 2006
}

@article{chou54,
  author =	 {Chou, Adam and Kerker, Milton},
  title =	 {The refractive index of colloidal sols},
  journal =	 {J. Phys. Chem.},
  volume =	 60,
  number =	 5,
  pages =	 {562-564},
  year =	 1956,
  xdoi =	 {10.1021/j150539a012},
  xURL =	 {https://doi.org/10.1021/j150539a012}
}

@article{crocker1996methods,
  title =	 {Methods of digital video microscopy for colloidal
                  studies},
  author =	 {Crocker, John C and Grier, David G},
  journal =	 jcis,
  volume =	 179,
  number =	 1,
  pages =	 {298--310},
  year =	 1996,
  publisher =	 {Elsevier}
}

@article{dezelic1970preparation,
  author =	 {De\v{z}eli\'{c}, N and Peters, J J and
                  De\v{z}eli\'{c}, {\relax Gj}},
  title =	 {Preparation of monodisperse polystyrene latices},
  journal =	 {Kolloid Z. Z. Polym.},
  volume =	 242,
  pages =	 {1142-1150},
  year =	 1970
}

@article{dimiduk16,
  author =	 {Thomas G. Dimiduk and Vinothan N. Manoharan},
  journal =	 ox,
  number =	 21,
  pages =	 {24045--24060},
  title =	 {Bayesian approach to analyzing holograms of
                  colloidal particles},
  volume =	 24,
  year =	 2016,
}

@article{dixon2011holographic,
  title =	 {Holographic particle-streak velocimetry},
  author =	 {Dixon, Lisa and Cheong, Fook Chiong and Grier, David
                  G},
  journal =	 OX,
  volume =	 19,
  number =	 5,
  pages =	 {4393--4398},
  year =	 2011,
  publisher =	 {Optical Society of America}
}

@article{eggersdorfer2010fragmentation,
  title =	 {Fragmentation and restructuring of soft-agglomerates
                  under shear},
  author =	 {Eggersdorfer, ML and Kadau, Dirk and Herrmann, Hans
                  J{\"u}rgen and Pratsinis, Sotiris E},
  journal =	 jcis,
  volume =	 342,
  number =	 2,
  pages =	 {261--268},
  year =	 2010,
}

@book{erbil2000vinyl,
  title =	 {Vinyl acetate emulsion polymerization and
                  copolymerization with acrylic monomers},
  author =	 {Erbil, Yildirim H},
  year =	 2000,
  publisher =	 {CRC press}
}

@article{esmaeili2012stability,
  title =	 {Stability of emulsified heavy oil: The combined
                  effects of deterministic DLVO forces and random
                  surface charges},
  author =	 {Esmaeili, Payman and Lin, Feng and Yeung, Anthony},
  journal =	 {Langmuir},
  volume =	 28,
  number =	 11,
  pages =	 {4948--4954},
  year =	 2012,
  publisher =	 {ACS Publications}
}

@article{finch03,
  author =	 {Finch, C A},
  journal =	 {Polym. Int.},
  number =	 1,
  pages =	 186,
  title =	 {Vinyl acetate emulsion polymerization and
                  copolymerization with acrylic monomers},
  year =	 2003,
  volume =	 52
}

@article{gerould1950comments,
  title =	 {Comments on the use of latex spheres as size
                  standards in electron microscopy},
  author =	 {Gerould, Charles H},
  journal =	 jap,
  volume =	 21,
  number =	 2,
  pages =	 {183--184},
  year =	 1950,
}

@article{giesche2006mercury,
  title =	 {Mercury porosimetry: a general (practical) overview},
  author =	 {Giesche, Herbert},
  journal =	 {Part. Part. Syst. Character.},
  volume =	 23,
  number =	 1,
  pages =	 {9--19},
  year =	 2006,
}

@Article{goodwin1974,
  author =	 {Goodwin, J. W. and Hearn, J. and Ho, C. C. and
                  Ottewill, R. H.},
  title =	 {Studies on the preparation and characterisation of
                  monodisperse polystyrene latices},
  journal =	 {Colloid Polym. Sci.},
  year =	 1974,
  volume =	 252,
  number =	 6,
  pages =	 {464--471},
}

@article{goodwin1974studies,
  title =	 {Studies on the preparation and characterisation of
                  monodisperse polystyrene latices. {III.} Preparation
                  without added surface active agents},
  author =	 {Goodwin, JW and Hearn, J and Ho, CC and Ottewill,
                  RH},
  journal =	 {Colloid Polym. Sci.},
  volume =	 252,
  number =	 6,
  pages =	 {464--471},
  year =	 1974,
}

@Book{gouesbet11,
  author =	 {Gouesbet, Gerard and Gr\'ehan, G\'erard},
  title =	 {Generalized Lorenz-Mie Theories},
  publisher =	 {Springer-Verlag},
  year =	 2011,
  address =	 {Berlin}
}

@article{halasz2007vortex,
  title =	 {Vortex flow generated by a magnetic stirrer},
  author =	 {Hal{\'a}sz, G{\'a}bor and Gy{\"u}re, Bal{\'a}zs and
                  J{\'a}nosi, Imre M and Szab{\'o}, K G{\'a}bor and
                  T{\'e}l, Tam{\'a}s},
  journal =	 {Am. J. Phys.},
  volume =	 75,
  number =	 12,
  pages =	 {1092--1098},
  year =	 2007,
}

@article{hannel18,
  author =	 {Mark D. Hannel and Aidan Abdulali and Michael
                  O'Brien and David G. Grier},
  journal =	 ox,
  number =	 12,
  pages =	 {15221--15231},
  title =	 {Machine-learning techniques for fast and accurate
                  feature localization in holograms of colloidal
                  particles},
  volume =	 26,
  year =	 2018,
}

@article{hannel2015holographic,
  title =	 {Holographic characterization of imperfect colloidal
                  spheres},
  author =	 {Hannel, Mark and Middleton, Christine and Grier,
                  David G},
  journal =	 {Applied Physics Letters},
  volume =	 107,
  number =	 14,
  pages =	 141905,
  year =	 2015,
  publisher =	 {AIP Publishing}
}

@article{jung02,
  title =	 {Measurement of 100-nm polystyrene sphere by
                  transmission electron microscope},
  journal =	 {Powder Tech.},
  volume =	 126,
  number =	 3,
  pages =	 {255-265},
  year =	 2002,
  author =	 {K.Y Jung and B.C Park and W.Y Song and B.-H O and
                  T.B Eom},
}

@article{kasimbeg2019holographic,
  title =	 {Holographic Characterization of Protein Aggregates
                  in the Presence of Silicone Oil and Surfactants},
  author =	 {Kasimbeg, Priya NO and Cheong, Fook Chiong and
                  Ruffner, David B and Blusewicz, Jaroslaw M and
                  Philips, Laura A},
  journal =	 jps,
  volume =	 108,
  number =	 1,
  pages =	 {155--161},
  year =	 2019,
  publisher =	 {Elsevier}
}

@article{klein2011traceable,
  title =	 {Traceable measurement of nanoparticle size using a
                  scanning electron microscope in transmission mode
                  ({TSEM})},
  author =	 {Klein, T and Buhr, E and Johnsen, KP and Frase, CG},
  journal =	 mst,
  volume =	 22,
  number =	 9,
  pages =	 094002,
  year =	 2011,
  publisher =	 {IOP Publishing}
}

@article{kotera1970colloid,
  title =	 {Colloid chemical studies of polystyrene latices
                  polymerized without any surface-active agents. {I.}
                  Method for preparing monodisperse latices and their
                  characterization},
  author =	 {Kotera, Akira and Furusawa, Kunio and Kud{\=o}, K},
  journal =	 {Kolloid Z. Z. Polym.},
  volume =	 240,
  number =	 {1-2},
  pages =	 {837--842},
  year =	 1970
}

@article{krishnatreya14,
  Author =	 {Krishnatreya, Bhaskar Jyoti and Colen-Landy, Arielle
                  and Hasebe, Paige and Bell, Breanna A. and Jones,
                  Jasmine R. and Sunda-Meya, Anderson and Grier, David
                  G.},
  Journal =	 ajp,
  Pages =	 {23-31},
  Title =	 {Measuring Boltzmann's constant through holographic
                  video microscopy of a single sphere},
  Volume =	 82,
  Year =	 2014,
}

@article{lee07a,
  Author =	 {Lee, Sang-Hyuk and Roichman, Yohai and Yi, Gi-Ra and
                  Kim, Shin-Hyun and Yang, Seung-Man and van
                  Blaaderen, Alfons and van Oostrum, Peter and Grier,
                  David G.},
  Journal =	 ox,
  Pages =	 {18275-18282},
  Title =	 {Characterizing and tracking single colloidal
                  particles with video holographic microscopy},
  Version =	 {index12c},
  Volume =	 15,
  Year =	 2007,
}

@article{lin2014small,
  title =	 {A small point regarding DLVO coagulation conditions},
  author =	 {Lin, Feng and Suda, Justin and Yeung, Anthony},
  journal =	 jcis,
  volume =	 430,
  pages =	 {113--115},
  year =	 2014,
  publisher =	 {Elsevier}
}

@article{liu16,
  author =	 {Liu, Yanyan and Edmond, Kazem V. and Curran, Arran
                  and Bryant, Charles and Peng, Bo and Aarts, Dirk
                  G. A. L. and Sacanna, Stefano and Dullens, Roel
                  P. A.},
  title =	 {Core–shell particles for simultaneous 3D imaging and
                  optical tweezing in dense colloidal materials},
  journal =	 {Adv. Mater.},
  volume =	 28,
  number =	 36,
  year =	 2016,
  pages =	 {8001-8006},
}

@book{lovell1997emulsion,
  title =	 {Emulsion polymerization and emulsion polymers},
  author =	 {Lovell, Peter A and El-Aasser, Mohamed S and Lovell,
                  Peter},
  year =	 1997,
  publisher =	 {Wiley}
}

@article{mazzoli12,
  title =	 {Particle size, size distribution and morphological
                  evaluation of airborne dust particles of diverse
                  woods by Scanning Electron Microscopy and image
                  processing program},
  journal =	 {Powder Tech.},
  volume =	 225,
  pages =	 {65-71},
  year =	 2012,
  author =	 {Alida Mazzoli and Orlando Favoni},
}

@Book{mishchenko02,
  author =	 {Mishchenko, M. I. and Travis, L. D. and Lacis,
                  A. A.},
  title =	 {Scattering, Absorption and Emission of Light by
                  Small Particles},
  publisher =	 {Cambridge University Press},
  year =	 2001,
  address =	 {Cambridge}
}

@article{oles1992shear,
  title =	 {Shear-induced aggregation and breakup of polystyrene
                  latex particles},
  author =	 {Oles, Volker},
  journal =	 jcis,
  volume =	 154,
  number =	 2,
  pages =	 {351--358},
  year =	 1992,
}

@article {palacci13,
  author =	 {Palacci, Jeremie and Sacanna, Stefano and Steinberg,
                  Asher Preska and Pine, David J. and Chaikin, Paul
                  M.},
  title =	 {Living crystals of light-activated colloidal
                  surfers},
  volume =	 339,
  number =	 6122,
  pages =	 {936--940},
  year =	 2013,
  journal =	 {Science}
}

@article{philips2017holographic,
  title =	 {Holographic characterization of contaminants in
                  water: Differentiation of suspended particles in
                  heterogeneous dispersions},
  author =	 {Philips, Laura A and Ruffner, David B and Cheong,
                  Fook Chiong and Blusewicz, Jaroslaw M and Kasimbeg,
                  Priya and Waisi, Basma and McCutcheon, Jeffrey R and
                  Grier, David G},
  journal =	 {Water Research},
  volume =	 122,
  pages =	 {431--439},
  year =	 2017,
  publisher =	 {Elsevier}
}

@article{pusey87,
  title =	 {The effect of polydispersity on the crystallization
                  of hard spherical colloids},
  journal =	 {J. Phys.},
  volume =	 48,
  number =	 5,
  pages =	 {709-712},
  year =	 1987,
  author =	 {P.N. Pusey}
}

@article{rouquerol1994,
  title =	 {Recommendations for the characterization of porous
                  solids (Technical Report)},
  author =	 {Rouquerol, J and Avnir, D and Fairbridge, CW and
                  Everett, DH and Haynes, JM and Pernicone, N and
                  Ramsay, JDF and Sing, KSW and Unger, KK},
  journal =	 {Pure Appl. Chem.},
  volume =	 66,
  number =	 8,
  pages =	 {1739--1758},
  year =	 1994,
}

@Article{sacanna10,
  author =	 {Sacanna, Stefano and Irvine, William T. M. and
                  Chaikin, Paul M. and Pine, David J.},
  title =	 {Lock and key colloids},
  journal =	 {Nature},
  year =	 2010,
  volume =	 464,
  pages =	 {575-578}
}

@article{sacanna11,
  author =	 {Sacanna, Sefano and Irvine, William T. M. and Rossi,
                  Laura and Pine, David J.},
  title =	 {Lock and key colloids through polymerization-induced
                  buckling of monodisperse silicon oil droplets},
  journal =	 {Soft Matter},
  year =	 2011,
  volume =	 7,
  pages =	 {1631-1634}
}

@article{sacanna13,
  author =	 {Sacanna, Stefano and Korpics, Mark and Rodriguez,
                  Kelvin and Colon-Melendez, Laura and Kim, Seung-Hyun
                  and Pine, David J. and Yi, Gi-Ra},
  title =	 {Shaping colloids for self-assembly},
  journal =	 natcomm,
  year =	 2013,
  volume =	 4,
  pages =	 1688
}

@article{schindelin2015imagej,
  title={The {ImageJ} ecosystem: An open platform for biomedical image analysis},
  author={Schindelin, Johannes and Rueden, Curtis T and Hiner, Mark C and Eliceiri, Kevin W},
  journal={Mol. Reprod. Dev.},
  volume={82},
  number={7-8},
  pages={518--529},
  year={2015},
  publisher={Wiley Online Library}
}

@Article{shi13,
  author =	 {Shi, Lei and Lu, Xiaotang and Fenollosa, Roberto and
                  Rodriguez, Isabelle and Harris, Justin T.  and
                  Ramiro-Manzano, Fernando and Korgel, Brian A.  and
                  Meseguer, Francisco},
  title =	 {Processing and characterization of monodisperse
                  silicon colloids},
  year =	 2013,
  month =	 {Aug},
  day =		 07,
  publisher =	 {Nature Publishing Group},
  url =		 {http://dx.doi.org/10.1038/protex.2013.066}
}

@article{stober1968controlled,
  title =	 {Controlled growth of monodisperse silica spheres in
                  the micron size range},
  author =	 {St{\"o}ber, Werner and Fink, Arthur and Bohn, Ernst},
  journal =	 {J. Colloid Interf. Sci.},
  volume =	 26,
  number =	 1,
  pages =	 {62--69},
  year =	 1968,
}

@article{vanderhoff1956some,
  title =	 {Some factors involved in the preparation of uniform
                  particle size latexes},
  author =	 {Vanderhoff, JW and Vitkuske, JF and Bradford, EB and
                  Alfrey Jr, T},
  journal =	 {J. Polym. Sci.},
  volume =	 20,
  number =	 95,
  pages =	 {225--234},
  year =	 1956,
}

@article{vanderwel17,
  author =	 {van der Wel, Casper and Bhan, Rohit K. and Verweij,
                  Ruben W. and Frijters, Hans C. and Gong, Zhe and
                  Hollingsworth, Andrew D. and Sacanna, Stefano and
                  Kraft, Daniela J.},
  title =	 {Preparation of colloidal organosilica spheres
                  through spontaneous emulsification},
  journal =	 {Langmuir},
  volume =	 33,
  number =	 33,
  pages =	 {8174-8180},
  year =	 2017,
}

@article{vanderwel18,
  author =	 {Casper van der Wel and Guido L van de Stolpe and
                  Ruben W Verweij and Daniela J Kraft},
  title =	 {Micrometer-sized TPM emulsion droplets with
                  surface-mobile binding groups},
  journal =	 {J. Phys. Cond. Matt.},
  volume =	 30,
  number =	 9,
  pages =	 094005,
}

@article{wang15,
  Author =	 {Wang, Chen and Shpaisman, Hagay and Hollingsworth,
                  Andrew D. and Grier, David G.},
  Journal =	 {Soft Matter},
  Pages =	 {1062-1066},
  Title =	 {Celebrating Soft Matter's 10th anniversary:
                  Monitoring colloidal growth with holographic
                  microscopy},
  Volume =	 11,
  Year =	 2015,
}

@article{wang2015stimulus,
  title =	 {Stimulus-responsive colloidal sensors with fast
                  holographic readout},
  author =	 {Wang, Chen and Moyses, Henrique W and Grier, David
                  G},
  journal =	 apl,
  volume =	 107,
  number =	 5,
  pages =	 051903,
  year =	 2015,
  publisher =	 {AIP Publishing}
}

@article{wang2016fractal,
  title =	 {Holographic characterization of colloidal fractal
                  aggregates},
  author =	 {Wang, Chen and Cheong, Fook Chiong and Ruffner,
                  David B and Zhong, Xiao and Ward, Michael D and
                  Grier, David G},
  journal =	 {Soft Matter},
  volume =	 12,
  number =	 42,
  pages =	 {8774--8780},
  year =	 2016,
  publisher =	 {Royal Society of Chemistry}
}

@article{wang2016holographic,
  title =	 {Holographic characterization of protein aggregates},
  author =	 {Wang, Chen and Zhong, Xiao and Ruffner, David B and
                  Stutt, Alexandra and Philips, Laura A and Ward,
                  Michael D and Grier, David G},
  journal =	 jps,
  volume =	 105,
  number =	 3,
  pages =	 {1074--1085},
  year =	 2016,
  publisher =	 {Elsevier}
}

@article{yamada85,
  author =	 {Yamada, Yuji and Miyamoto, Katsuhiro and Koizumi,
                  Akira},
  title =	 {Size determination of latex particles by electron
                  microscopy},
  journal =	 {Aerosol Sci. Techn.},
  year =	 1985,
  volume =	 4,
  number =	 2,
  pages =	 {227-232}
}

@article{yeung2003shear,
  title =	 {Shear-induced coalescence of emulsified oil drops},
  author =	 {Yeung, A and Moran, K and Masliyah, J and Czarnecki,
                  J},
  journal =	 jcis,
  volume =	 265,
  number =	 2,
  pages =	 {439--443},
  year =	 2003,
  publisher =	 {Elsevier}
}

@article{yevick2014machine,
  title =	 {Machine-learning approach to holographic particle
                  characterization},
  author =	 {Yevick, Aaron and Hannel, Mark and Grier, David G},
  journal =	 ox,
  volume =	 22,
  number =	 22,
  pages =	 {26884--26890},
  year =	 2014,
  publisher =	 {Optical Society of America}
}